@techreport{lapets2009improving,
  title={Improving the accessibility of lightweight formal verification systems},
  number = {BUCS-TR-2009-015},
  author={Lapets, Andrei},
  date = "April 30, 2009",
  year={2009},
  institution={Boston University Computer Science Department}
}

@incollection{swierstra1996deterministic,
  title={Deterministic, error-correcting combinator parsers},
  author={Swierstra, S Doaitse and Duponcheel, Luc},
  booktitle={Advanced Functional Programming},
  pages={184--207},
  year={1996},
  publisher={Springer}
}


@article{foutvrije-specificaties,
  title = "Ampersand: foutvrije specificaties voor B\&I-vraagstukken",
  author = "Stef Joosten and Rieks Joosten and Sebastiaan Joosten",
  journal = "Informatie magazine",
  volume = "August 2007",
  pages = "42--50",
  year = "2007"
}

@mastersthesis{bos2013bedrijfsregels,
  title={Bedrijfsregels in verschillende vormen-Een vergelijking op toepasbaarheid tussen SWRL en Relatie algebra bij wetteksten},
  author={Bos, Pim},
  school = {Open Universiteit Nederland},
  year={2013},
  school = "University of Wisconsin, Madison"
}

@techreport{parsec,
  title = "Parsec: Direct Style Monadic Parser Combinators For The Real World",
  author = "Daan Leijen",
  institution = "University of Utrecht",
  date = "October 4, 2001",
  year = "2001"
}

@TechReport{parsec-fast,
  title={Parsec, a fast combinator parser},
   Number = {35},
   Institution = {Department of Computer Science, University of Utrecht (RUU)},
   Month = {October},
   Year = {2001}
}

@article{CSERC2013_Wedemeijer,
  title = "An essential language for declarative business rules",
  author = "Lex Wedemeijer",
  journal = "Proceedings of the 3rd Computer Science Education Research Conference on Computer Science Education Research",
  pages = "59-65",
  year = "2013",
  institution = "Open University Netherlands",
  date = "April 4, 2013"
}

@article{kapoc353,
  title = "The use of business rules for the specification of dynamic aspects of {IS}",
  author = "Kęstutis Kapočius and Tomas Danikauskas",
  journal = "Information technology and control, Vol. 35 327-332",
  year = "2006",
}


@incollection{SBVR,
  title = "SBVR: A Fact-Oriented OM Standard",
  author = "Peter Bollen",
  booktitle={On the Move to Meaningful Internet Systems: OTM 2008 Workshops},
  pages = "718-727",
  year = "2008",
  publisher={Springer Berlin Heidelberg}
}
