@misc{example,
	author = "Maarten Baertsoen and Daniel S. C. Schiavini",
	title = "Planning for the project `Useful feedback in the Ampersand parser'",
	note = "Version 2.0",
	year = "November 29, 2014",
	url = "http://git.io/NeHuLg"
}
