@unpublished{plan,
  title = "Planning for the project `Useful feedback in the Ampersand parser'",
  author = "Maarten Baertsoen and Daniel S. C. Schiavini",
  note = "Version 2.0",
  date = "November 29, 2014",
  year = "2014"
}

@unpublished{parsing,
  title = "Haskell parsing libraries \& user-friendly error messages",
  author = "Daniel S. C. Schiavini",
  note = "Version 1.0",
  date = "December 12, 2014",
  year = "2014"
}

@unpublished{ampersand-approach,
  title = "The Ampersand approach \& Ampersand in practice",
  author = "Maarten Baertsoen",
  note = "Version 1.0",
  date = "January 20, 2015",
  year = "2015"
}

@unpublished{documentation,
  title = "Project Documentation",
  author = "Maarten Baertsoen and Daniel S. C. Schiavini",
  note = "Version 1.0",
  date = "June 8, 2015",
  year = "2015"
}

@unpublished{research-context,
  title = "Research Context",
  author = "Maarten Baertsoen and Daniel S. C. Schiavini",
  note = "Version 1.0",
  date = "June 8, 2015",
  year = "2015"
}
