@techreport{parsec,
  title = "Parsec: Direct Style Monadic Parser Combinators For The Real World",
  author = "Daan Leijen",
  institution = "University of Utrecht",
  date = "October 4, 2001",
  year = "2001",
  note = "\url{http://research.microsoft.com/pubs/65201/parsec-paper-letter.pdf}"
}

@conference{helium,
  title = "Helium, for Learning {H}askell",
  author = "Bastiaan Heeren and Daan Leijen and Arjan van IJzendoorn",
  booktitle = "Haskell'03 Uppsala, Sweden",
  year = "2003",
  institution = "Utrecht University",
  date = "August 25, 2003",
  note = "\url{http://www.open.ou.nl/bhr/heeren-helium.pdf}"
}

@TechReport{parsec-fast,
  title={Parsec, a fast combinator parser},
   Number = {35},
   Institution = {Department of Computer Science, University of Utrecht (RUU)},
   Month = {October},
   Year = {2001}
}

@mastersthesis{bos2013bedrijfsregels,
  title={Bedrijfsregels in verschillende vormen -- Een vergelijking op toepasbaarheid tussen {SWRL} en Relatie algebra bij wetteksten},
  author={Bos, Pim},
  school = {Open Universiteit Nederland},
  year={2013},
  school = "University of Wisconsin, Madison"
}

@phdthesis{yang2001improving,
  title={Improving polymorphic type explanations},
  author={Yang, Jun},
  year={2001},
  school={Heriot-Watt University}
}

@inproceedings{yang2000improved,
  title={Improved type error reporting},
  author={Yang, Jun and Michaelson, Greg and Trinder, Phil and Wells, J.B.},
  booktitle={In Proceedings of 12th International Workshop on Implementation of Functional Languages},
  year={2000},
  organization={RWTH Aachen, Springer Verlag},
  editor={M. Mohnen and P. Koopman},
  month={September},
  pages={71-86},
  volume={2011 of LNCS}
}
