@misc{try-harmful,
  title = "Parsec: ``try a <|> b'' considered harmful",
  author = "Edward Z. Yang",
  date = "May 17, 2014",
  year = "2014",
  note = "\url{http://blog.ezyang.com/2014/05/parsec-try-a-or-b-considered-harmful/}"
}

@misc{swierstra-parsec,
  title = "Performance of uu-parsinglib compared to ``try'' in Parsec",
  author = "Doaitse Swierstra",
  date = "Jan 19, 2014",
  year = "2014",
  note = "\url{http://stackoverflow.com/a/21212003/977026}"
}

@misc{business-rules,
  title = "The Business Rules Manifesto",
  author = "Ronald G. Ross",
  date = "November 1, 2003",
  year = "2003",
  note = "Version 2.0, \url{http://www.businessrulesgroup.org/brmanifesto.htm}",
}

@misc{joosten2007deriving,
  title = "Deriving Functional Specifications from Business Requirements with Ampersand",
  author = "Stef Joosten",
  year = "2007",
  note = "\url{http://icommas.ou.nl/wikiowi/images/e/e0/ampersand_draft_2007nov.pdf}"
}