@unpublished{plan,
  title = "Planning for the project `{U}seful feedback in the {A}mpersand parser'",
  author = "Maarten Baertsoen and Daniel S. C. Schiavini",
  note = "Version 2.0",
  date = "November 29, 2014",
  year = "2014"
}

@unpublished{parsing,
  title = "Haskell parsing libraries \& user-friendly error messages",
  author = "Daniel S. C. Schiavini",
  note = "Version 1.0",
  date = "December 12, 2014",
  year = "2014"
}

@unpublished{ampersand-approach,
  title = "The {A}mpersand approach \& {A}mpersand in practice",
  author = "Maarten Baertsoen",
  note = "Version 1.0",
  date = "January 20, 2015",
  year = "2015"
}

@unpublished{research-context,
  title = "Research Context",
  author = "Maarten Baertsoen and Daniel S. C. Schiavini",
  note = "Version 1.0",
  date = "June 11, 2015",
  year = "2015"
}

@unpublished{project-announcement,
  title = "Projectaanvraag {A}fstudeerproject bachelor informatica -- {ABI}",
  author = "Bastiaan Heeren and Stef Joosten",
  note = "Bruikbare feedback in de {A}mpersand parser",
  date = "November, 2013",
  year = "2013"
}