@techreport{parsec,
  title = "Parsec: Direct Style Monadic Parser Combinators For The Real World",
  author = "Daan Leijen",
  institution = "University of Utrecht",
  date = "October 4, 2001",
  year = "2001",
  note = "\url{http://research.microsoft.com/pubs/65201/parsec-paper-letter.pdf}"
}
