@unpublished{plan,
  title = "Planning for the project `Useful feedback in the Ampersand parser'",
  author = "Maarten Baertsoen and Daniel S. C. Schiavini",
  note = "Version 2.0",
  date = "November 29, 2014",
  year = "2014"
}
