@conference{SoftReqProbs,
  title = "Software Requirements: Are They Really a Problem?",
  author = "Thomas E. Bell and T. A. Thayer",
  journal = "Advanced Functional Programming, Lecture Notes in Computer Science, Springer, Berlin",
  booktitle = {Proceedings of the 2nd International Conference on Software Engineering,
               San Francisco, California, USA, October 13-15, 1976.},
  pages = "61--68",
  year = "1976",
  note = "\url{http://pdf.aminer.org/000/361/405/software_requirements_are_they_really_a_problem.pdf}"
}
