@unpublished{plan,
  title = "Planning for the project `Useful feedback in the Ampersand parser'",
  author = "Maarten Baertsoen and Daniel S. C. Schiavini",
  note = "Version 2.0",
  date = "November 29, 2014",
  year = "2014"
}
%\url{http://git.io/NeHuLg}

@book{Sommerville10,
   title = "Software Engineering",
  author = "Sommerville, Ian",
  edition = "9",
  isbn = "978-0-13-703515-1",
  publisher = "Addison-Wesley",
  year = "2010"
}

@MISC{Goguen93introducingobj,
    booktitle = "Introducing OBJ",
    author = "Joseph A. Goguen and Timothy Winkler and José Meseguer and Kokichi Futatsugi and Jean-Pierre Jouannaud",
    year = "1993"
}

@book{Guttag93larch:languages,
    title = "Larch: Languages and tools for formal specification",
    author = "J. V. Guttag and J. J. Horning and S. J. Garland and K. D. Jones and A. Modet and J. M. Wing",
    booktitle = "TEXTS AND MONOGRAPHS IN COMPUTER SCIENCE",
    publisher = "Springer-Verlag",
    year = "1993"
}

@conference{Understandingwhys,
  title = "Understanding `why' in software process modelling, analysis, and design",
  author = "Yu, Eric S. K. and Mylopoulos, John",
  booktitle = "International Conf. on Software Engineering",
  publisher = "IEEE Computer Society Press",
  pages = "159-168",
  year = "1994"
}

@conference{RMLRevisited,
  title = "On formal requirements modeling languages: RML revisited",
  author = "Greenspan, Sol and Mylopoulos, John and Borgida, Alex",
  booktitle = "ICSE '94: Proceedings of the 16th international conference on Software engineering",
  publisher = "IEEE Computer Society Press",
  pages = "135--147",
  year = "1994"
}

@misc{CML,
  title = "CML: C Modeling Language",
  author = "Frederico de Oliveira Jr. and Ricardo Lima and Marcio Cornelio and Sergio Soares and Paulo Maciel and Raimundo Barreto and Meuse Oliveira Jr. and Eduardo Tavares",
  volume = "13",
  pages = "682--700",
  year = "2007",
  note = "\url{http://www.jucs.org/jucs_13_6/cml_c_modeling_language}"
}

  
@misc{JuretaMF08,
   title = "Revisiting the Core Ontology and Problem in Requirements Engineering.",
  author = "Jureta, Ivan and Mylopoulos, John and Faulkner, Stéphane",
   booktitle = "RE",
  pages = "71-80",
  publisher = "IEEE Computer Society",
  year = "2008"
}

@book{MiddelkoopDS10,
  title = "Dependently Typed Attribute Grammars.",
  author = "Middelkoop, Arie and Dijkstra, Atze and Swierstra, S. Doaitse",
  booktitle = "IFL",
  pages = "105-120",
  publisher = "Springer",
  year = "2010"
}

@misc{gansner2006drawing,
  title = "Drawing graphs with dot",
  author = "Gansner, Emden and Koutsofios, Eleftherios and North, Stephen",
  year = "2006",
   note = "\url{http://www.graphviz.org/Documentation/dotguide.pdf}"
}







