
@article{monadic-parsing,
  journal = "Functional pearls",
  title = "Monadic Parsing in Haskell",
  author = "Graham Hutton (University of Nottingham); Erik Meijer (University of Utrecht)",
  year = "1996",
  note = "\url{http://www.cs.nott.ac.uk/~gmh/monparsing.pdf}"
}

@conference{remove-left,
  title = "Removing Left Recursion from Context-Free Grammars",
  author = "Robert C. Moore",
  date = "May 2000",
  year = "2000",
  booktitle = "6th Applied Natural Language Processing Conference: 249–255",
  note = "\url{http://research.microsoft.com/pubs/68869/naacl2k-proc-rev.pdf}"
}

@conference{helium-parser,
  title = "Helium, for Learning Haskell",
  author = "Bastiaan Heeren; Daan Leijen; Arjan van IJzendoorn",
  booktitle = "Haskell’03 Uppsala, Sweden",
  year = "2003",
  institution = "Utrecht University",
  date = "August 25, 2003",
  note = "\url{http://www.open.ou.nl/bhr/heeren-helium.pdf}"
}

@techreport{uu-doc,
  title = "Combinator Parsing: A Short Tutorial",
  author = "S. Doaitse Swierstra",
  year = "2009",
  date = "January 5, 2009",
  institution = "Utrecht University",
  note = "\url{http://www.cs.uu.nl/research/techreps/repo/CS-2008/2008-044.pdf}"
}

@article{error-correcting,
  title = "Deterministic, error-correcting combinator parsers",
  author = "S.D. Swierstra; L. Duponcheel",
  journal = "Advanced Functional Programming, Lecture Notes in Computer Science, Springer, Berlin",
  volume = "1129",
  pages = "184--207",
  year = "1996",
  note = "\url{http://www.cs.uu.nl/people/doaitse/Papers/1996/DetErrCorrComPars.pdf}"
}

@article{applicative,
  author = "C. McBride; R. Paterson",
  title = "Applicative programming with effects",
  journal = "Journal of Functional Programming 18",
  pages = "1–13",
  year = "2008",
  note = "\url{http://staff.city.ac.uk/~ross/papers/Applicative.html}"
}

@techreport{parsec,
  title = "Parsec: Direct Style Monadic Parser Combinators For The Real World",
  author = "Daan Leijen",
  institution = "University of Utrecht",
  date = "October 4, 2001",
  year = "2001",
  note = "\url{http://research.microsoft.com/pubs/65201/parsec-paper-letter.pdf}"
}
% Technical Report UU-CS-2001-27, Department of Computer Science, Universiteit ...

@phdthesis{heeren-error,
  title = "Top Quality Type Error Messages",
  author = "Bastiaan Heeren",
  isbn = "90-393-4005-6",
  date = "September 20, 2005",
  year = "2005",
  school = "Utrecht University",
  note = "\url{http://www.open.ou.nl/bhr/phdthesis}"
}

@article{error-recovery,
  title = "A Language Independent Error Recovery Method for LL(1) Parsers",
  author = "Michael Spenke; Heinz Muhlenbein; Monika Mevenkamp; Friedemann Mattern; Christian Beilken",
  journal = "Software Practice and Experience, Vol. 14(11) 1095-1107",
  date = "November, 1984",
  year = "1984",
  note = "\url{http://www.vs.inf.ethz.ch/publ/papers/Error-Recovery-LL1.pdf}"
}
