@unpublished{plan,
  title = "Planning for the project `Useful feedback in the Ampersand parser'",
  author = "Maarten Baertsoen and Daniel S. C. Schiavini",
  note = "Version 2.0",
  date = "November 29, 2014",
  year = "2014"
}
%\url{http://git.io/NeHuLg}

@misc{convert-ebnf,
  title = "From EBNF to BNF",
  author = "Christoph Zenger",
  date = "June 4, 2000",
  year = "2000",
  note = "\url{http://lampwww.epfl.ch/teaching/archive/compilation-ssc/2000/part4/parsing/node3.html}"
}

@misc{bnf-ebnf,
  title = "BNF and EBNF: What are they and how do they work?",
  author = "Lars Marius Garshol",
  date = "August 22, 2008",
  year = "2008",
  note = "\url{http://www.garshol.priv.no/download/text/bnf.html}"
}

@misc{hugs-parser,
  title = "Source code of the Hugs parser",
  author = "Mark P. Jones and Alastair Reid",
  date = "March 25, 2007",
  note = "\url{https://github.com/fuzxxl/Hugs/blob/master/src/parser.y}"
}

@misc{ghc-parser,
  title = "GHC: The Parser",
  author = "The Glasgow Haskell Compiler",
  date = "December 1, 2014",
  note = "\url{https://ghc.haskell.org/trac/ghc/wiki/Commentary/Compiler/Parser}"
}

@misc{parser-examples,
  title = "Haskell Parser Examples",
  author = "Geoff Hulette",
  date = "August 22, 2014",
  year = "2014",
  note = "\url{https://github.com/ghulette/haskell-parser-examples}"
}

@misc{benchmark,
  title = "Benchmarking Parsers",
  author = "Nikolaos Bezirgiannis",
  date = "March 22, 2012",
  year = "2012",
  note = "\url{http://bezirg.net/afp_presentation.pdf}"
}

@book{using-parsec,
  title = "Real World Haskell",
  author = "Bryan O'Sullivan and Don Stewart and John Goerzen",
  publisher = "O'Reilly Media",
  year = "2008",
  note = "Chapter 16, Using Parsec.
    \newblock \url{http://book.realworldhaskell.org/read/using-parsec.html}"
}

@misc{try-harmful,
  title = "Parsec: ``try a <|> b'' considered harmful",
  author = "Edward Z. Yang",
  date = "May 17, 2014",
  year = "2014",
  note = "\url{http://blog.ezyang.com/2014/05/parsec-try-a-or-b-considered-harmful/}"
}

@misc{uulib-parsinglib,
  title = "Haskell mailing list",
  author = "S. Doaitse Swierstra",
  year = "2009",
  date = "April 28, 2009",
  note = "\url{https://www.mail-archive.com/haskell@haskell.org/msg22001.html}"
}
